<record><leader>00000cas a2200000 a 4500</leader><controlfield tag="001">27567623</controlfield><controlfield tag="007">co ugu||||||||</controlfield><controlfield tag="008">930224c19uu9999ctuuu n q     0    0eng c</controlfield><datafield ind1=" " ind2=" " tag="010"><subfield code="a">sn 93035000 </subfield></datafield><datafield ind1=" " ind2=" " tag="040"><subfield code="a">IXA</subfield><subfield code="b">eng</subfield><subfield code="c">IXA</subfield><subfield code="d">OCL</subfield><subfield code="d">OCLCQ</subfield><subfield code="d">OCLCO</subfield><subfield code="d">OCLCQ</subfield></datafield><datafield ind1=" " ind2=" " tag="012"><subfield code="i">9302</subfield></datafield><datafield ind1=" " ind2=" " tag="042"><subfield code="a">pcc</subfield></datafield><datafield ind1="0" ind2="0" tag="245"><subfield code="a">NewsBank CD news presents the Austin American-Statesman.</subfield></datafield><datafield ind1="1" ind2="3" tag="246"><subfield code="a">American Statesman</subfield></datafield><datafield ind1=" " ind2=" " tag="260"><subfield code="a">New Canaan, CT :</subfield><subfield code="b">NewsBank</subfield></datafield><datafield ind1=" " ind2=" " tag="300"><subfield code="a">CD-ROMs ;</subfield><subfield code="c">4 3/4 in.</subfield></datafield><datafield ind1=" " ind2=" " tag="336"><subfield code="a">text</subfield><subfield code="b">txt</subfield><subfield code="2">rdacontent</subfield></datafield><datafield ind1=" " ind2=" " tag="337"><subfield code="a">computer</subfield><subfield code="b">c</subfield><subfield code="2">rdamedia</subfield></datafield><datafield ind1=" " ind2=" " tag="338"><subfield code="a">computer disc</subfield><subfield code="b">cd</subfield><subfield code="2">rdacarrier</subfield></datafield><datafield ind1="1" ind2=" " tag="490"><subfield code="a">CD news newspapers on CD ROM</subfield></datafield><datafield ind1=" " ind2=" " tag="538"><subfield code="a">System requirements: CompuAdd 212 computer; DOS; CD-ROM drive; Microsoft Extensions; monitor.</subfield></datafield><datafield ind1=" " ind2=" " tag="580"><subfield code="a">Contains full text of the Austin-American Statesman with all articles fully indexed.</subfield></datafield><datafield ind1=" " ind2=" " tag="588"><subfield code="a">Description based on: Jan.-Sep. 1992; title from screen.</subfield></datafield><datafield ind1="2" ind2=" " tag="710"><subfield code="a">NewsBank, inc.</subfield></datafield><datafield ind1="1" ind2=" " tag="787"><subfield code="t">Austin American-Statesman</subfield><subfield code="w">(DLC)sn 87090670</subfield><subfield code="w">(OCoLC)16968488</subfield></datafield><datafield ind1=" " ind2="0" tag="830"><subfield code="a">CD news newspapers on CD ROM.</subfield></datafield><datafield ind1=" " ind2=" " tag="850"><subfield code="a">TxU</subfield></datafield><datafield ind1="1" ind2=" " tag="029"><subfield code="a">AU@</subfield><subfield code="b">000025897777</subfield></datafield></record>